@inproceedings{ahrenholz_2010,
  author        = "Ahrenholz, J.",
  title         = "Comparison of CORE Network Emulation Playforms.",
  booktitle     = "Proceedings of IEE MILCOM Conference",
  address       = "San Jose, CA",
  year          = "2010",
  pages         = "864-869"
}

@article{atzori_onali_branca_2011,
   author      = "Atzori, L. and Onali, T. and Branca, G. ",    
   title       = "Bandwidth Self-Management in DS-TE",
   journal     = "IEEE Globecom",
   address 	= "Houston, Texas",
   year        = "2011",
   pages = "1-5",
   DOI		   = "10.1109/GLOCOM.2011.6134423"
}

@article{awduche_chiu_elwalid_xiao_2002, 
	title={Overview and Principles of Internet Traffic Engineering},
	journal={The Internet Society}, 
	author={Awduche, D. and Chiu, A. and Elwalid, A. and Xiao, X.}, 
	year={2002}
}

@misc{casado_2008,
	author={Martin Casado},
	title={Packet Capture With libpcap and other Low Level Network Tricks},
	url={http://eecs.wsu.edu/~sshaikot/docs/lbpcap/libpcap-tutorial.pdf},
	year={2008},
	page={2}
}

@book{cisco_2008, 
	publisher={Cisco Systems Inc.}, 
	title={WAN and Application Optimization Solution Guide [PDF document]}, 	
	year={2008}, 
	url={http://www.cisco.com/c/dam/en/us/td/docs/nsite/wan\_optimization/WANoptSolutionGd.pdf}
	pages={46-55}
}

@book{comer_1999, 
	place={New York}, 
	title={Computer Networks and Internets},
	publisher={Prentice-Hall International, Inc.}, 
	author={Comer, D.E.}, 
	year={1999}
}

@article{communication_news_2001, 
	author={Communication News}, 
	title={Bandwidth management pays off}, 
	volume={38}, 
	number={11}, 
	journal={Communication News}, 
	year={2001}, 
	month={Nov}, 
	pages={54–56}
}

@article{bramson_2001, 
	title={Stability of earliest-due-date, first-served queueing metworks}, 
	volume={39}, 
	number={1}, 
	journal={Queueing Systems: Theory and Applications}, 
	author={Bramson, M.}, 
	year={2001}, 
	pages={79–102}
}

@article{clark_1999, 
	title={Tweaking the bandwidth management barometer}, 
	volume={15}, 
	url={http://search.proquest.com/docview/212663310?accountid=47253}, 
	number={12}, 
	journal={Network Magazine}, 
	author={Clark, E.}, 
	year={1999}
}

@article{deepalakshmi_rajaram_2014, 
	title={Effective heuristic algorithm for dynamic routing and bandwidth management under quality of service constraints in multistage interconnection networks}, 
	volume={11}, 
	DOI={doi:10.3844/ajassp.2014.414.424 }, 
	number={3}, 
	journal={American Journal of Applied Sciences}, 
	author={Deepalakshmi, R. and Rajaram, S.}, 
	year={2014}, 
	pages={414–424}
}

@article{duzbeck_2006, 
	title={Bandwidth management is here to stay}, 
	volume={23}, 
	url={http://search.proquest.com/docview/215977831?accountid=47253}, 
	number={13}, 
	journal={Network World}, 
	author={Duzbeck, F.}, 
	year={2006}, 
	pages={37}
}

@book{gross_harris_1974, 
	place={New York}, 
	title={Fundamentals of queueing theory}, 
	publisher={Wiley}, 
	author={Gross, Donald and Harris, Carl M.}, 
	year={1974}
}

@article{karim_2012, 
	title={An Efficient Priority Packet Scheduling Algorithm for Wireless Sensor Network}, 	
	journal={IEEE ICC 2012 Ad-hoc and Sensor Networking Symposium}, 
	author={Karim, L. and Nasser, N. and Taleb, T. and Alqallaf, A.}, 
	year={2012}, 
	pages={335-338}
}

@article{harrison_2000, 
	title={Brownian models of open processing networks: canonical representation of workload}, 
	volume={10}, 
	DOI={10.1214/aoap/1019737665}, 
	number={1}, 
	journal={The Annals of Applied Probability}, 
	author={Harrison, J. Michael}, 
	year={2000}, 
	pages={75–103}
}

@article{hota_jha_raghurama_2008, 
	title={Adaptive Bandwidth Management and QoS provisioning in IPVNs}, 
	volume={30}, 
	number={2}, 
	journal={International Journal of Computers \& Applications}, 
	author={Hota, C. and Jha, S. and Raghurama, G}, 
	year={2008}, 
	pages={142-150},
	url={http://search.proquest.com/docview/219227826?accountid=47253}
}

@misc{internet_live_stats_2016,
	title={Number of Internet Users}, 
	url={http://www.internetlivestats.com/internet-users/}, 
	author={Internet Live Stats}, 
	year={2016}
}

@misc{itu_2016,
	title={ICT Facts and Figures 2016 [PDF document]}, 
	url={http://www.itu.int/en/ITU-D/Statistics/Documents/facts/ICTFactsFigures2016.pdf}, 
	author={Internet Telecommunication Union}, 
	year={2016}
}

@article{jacobson_1988, 
	title={Congestion avoidance and control},	
	place={Stanford, CA}, 
	journal={ACM SIGCOMM Symposium 1988}, 
	publisher={ACM}, 
	author={Jacobson, V.}, 
	year={1988}
}

@article{kanu_kuyoro_ogunlere_adegbenjo_2012, 
	title={Management and control of bandwidth in computer networks}, 
	volume={2}, 
	number={3}, 
	journal={International Journal of Computer Networks and Wireless Communications}, 
	author={Kanu, R.U. and Kuyoro, S.O. and Ogunlere, S.O. and Adegbenjo, A.A.}, 
	year={2012}, 
	pages={342-348}
}

@book{lazowska_zahorjan_graham_sevcik_1984, 
	place={New Jersey}, 
	title={Quantitative system performance: Computer system analysis using queueing network models}, 
	publisher={Prentice-Hall, Inc.}, 
	author={Lazowska, E.D. and Zahorjan, J. and Graham, G.S. and Sevcik, K.C.},
	year={1984}
}

@misc{martin_roth_nd,
	author={Martin, M. and Roth, A.},
	title={CIS 501: Computer architecture [PDF document]},
	url={https://www.cis.upenn.edu/~milom/cis501-Fall11/lectures/02\_performance.pdf}
}

@misc{mec_net_corp_nd,
	title={Bandwidth Management}, 
	url={http://www.mec.ph/products/bandwidth-management/}, 
	publisher={MEC Networks Corporation.}
}

@article{muhilan_2013, 
	author={Muhilan, R. and Arulselvi, S. and Kiran Kumar, T.V.U.}, 
	title={Packet Scheduling Algorithms Simulator WFQ, SCFQ And WF2Q}, 
	volume={2}, 	
	number={10}, 
	journal={International Journal of Scientific \& Technology Research}, 
	year={2013}, 
	month={Oct}, 
	pages={249-252}
}

@misc{ntopng_2016,
	author={ntopng},
	title={ntopng: High-Speed Web-based Traffic Analysis and Flow Collection User Guide [PDF document]},
	url={https://raw.githubusercontent.com/ntop/ntopng/dev/doc/UserGuide.pdf}
}

@article{pazos_gerla_rigolio_1999, 
	title={Flow control and bandwidth management in next generation internets}, 
	volume={11}, 
	number={304}, 
	journal={Telecommunication Systems}, 
	author={Pazos, C. M. and Gerla, M. and Rigolio, G.}, 
	year={1999}, 
	pages={394-412},
	url={http://search.proquest.com/docview/212047202?accountid=47253}
}

@misc{press_oppenheimer_2010,
	title={Top-Down Network Design [PowerPoint slides]}, 
	url={http://www.topdownbook.com/chapters/chapter01.ppt},
	author={Press, C. and Oppenheimer, P.},
	year={2010}
}

@misc{ramirez_2014, 
	place={Uniersity of the Philippines, Los Banos, Laguna}, 
	title={Lecture on Graph Theory Part I}, 
	journal={Personal Collection of J.R. Ramirez}, 
	publisher={Uniersity of the Philippines, Los Banos, Laguna}, author={Ramirez, J. R.},
	year={2014}
}

@misc{rouse_2015,
	author={Margaret Rouse},
	title={TechTarget: time-to-live(TTL)},
	url={http://searchnetworking.techtarget.com/definition/time-to-live},
	month=nov,
	year={2015}	
}

@misc{schneider_1996,
	author={Schneider, P.},
	year={1996},
	title={TCP/IP Traffic Classification Based on Port Numbers (Diploma thesis) [PDF document]},
	url={http://www.schneider-grin.ch/media/pdf/diploma\_thesis.pdf}
}

@article{shah_chen_nahrstedt_2005, 
	title={Dynamic bandwidth management in 	single-hop 	ad hoc wireless networks}, 
	volume={10}, 
	number={1-2}, 
	journal={Mobile Networks and Applications}, 
	author={Shah, S.H. and Chen, K. and Nahrstedt, K.}, 
	year={1999}, 
	pages={199-217},
	url={http://search.proquest.com/docview/205050991?accountid=47253}
}

@misc{teach_ict_nd,
	author={Teach-ICT},
	title={Bandwidth}, 
	url={http://www.teach-ict.com/as\_a2\_ict\_new/ocr/A2\_G063/333\_networks\_coms/bandwidth/miniweb/pg2.htm}
}

@article{tong_yang_2007, 
	title={Bandwidth management for supporting differentiated-	service aware traffic engineering}, 
	volume={18}, 
	number={9}, 
	journal={Parallel and Distrubuted Systems}, 
	author={Tong, S. and Yang, O.W.W.}, 
	year={2007}, 
	pages={1320-1331}
}

@article{van_woensel_cruz_2014, 
	title={Optimal routing in general finite multi-server queueing 	networks}, 
	volume={9}, 
	number={7}, 
	journal={PLoS ONE}, 
	author={Van Woensel, T. and Cruz, F.R.B.}, 
	year={2014},
	DOI={doi:10.1371/journal.pone.0102075}
}

@misc{webopedia_2017,
	author={webopedia},
	title={Clock Tick},
	url={http://www.webopedia.com/TERM/C/clock\_tick.html},
	year={2017}
}